<?xml version="1.0" encoding="UTF-8"?><collection xmlns="http://www.loc.gov/MARC21/slim"><record><leader>00522nam--2200181-i-4500</leader><controlfield tag="001">000044753</controlfield><controlfield tag="002">20161230</controlfield><controlfield tag="005">20161230201044</controlfield><controlfield tag="008">060222s1000------------r-----000-0-eng-d</controlfield><datafield ind1=" " ind2=" " tag="040"><subfield code="a">IFIN-HH</subfield></datafield><datafield ind1=" " ind2=" " tag="080"><subfield code="a">519.24</subfield></datafield><datafield ind1="1" ind2=" " tag="100"><subfield code="a">Charlton, T.M</subfield></datafield><datafield ind1="1" ind2="0" tag="245"><subfield code="a">Model analysis of structures</subfield><subfield code="b">With a forewod by professor j.a.l. matheson</subfield><subfield code="c">T.m. charlton</subfield></datafield><datafield ind1=" " ind2=" " tag="260"><subfield code="a">London</subfield><subfield code="b">E.&amp;f.N. Spon Limited</subfield><subfield code="c">1954</subfield></datafield><datafield ind1=" " ind2=" " tag="300"><subfield code="a">XII+142P</subfield></datafield><datafield ind1=" " ind2=" " tag="490"><subfield code="a">Spon'S Civil Engineering Series</subfield></datafield><datafield ind1=" " ind2=" " tag="852"><subfield code="a">10954</subfield><subfield code="c">539.4</subfield></datafield><datafield ind1=" " ind2=" " tag="CAT"><subfield code="a">Sys</subfield><subfield code="c">20130128</subfield><subfield code="h">160504</subfield></datafield></record></collection>